<?xml version="1.0" encoding="UTF-8"?><collection xmlns="http://www.loc.gov/MARC21/slim"><record><leader>00409nam--2200133-i-4500</leader><controlfield tag="001">000001562</controlfield><controlfield tag="002">20161230</controlfield><controlfield tag="005">20161230201024</controlfield><controlfield tag="008">060222s1000------------r-----000-0-eng-d</controlfield><datafield ind1=" " ind2=" " tag="080"><subfield code="a">577.157.1</subfield></datafield><datafield ind1=" " ind2=" " tag="100"><subfield code="a">Eriksson, Staffan</subfield></datafield><datafield ind1=" " ind2=" " tag="245"><subfield code="a">Ribonucleotide reductase from phage infected  gamma  dnrd transduced, and uninfected escherichia coli</subfield></datafield><datafield ind1=" " ind2=" " tag="260"><subfield code="a">Stockholm, Karolinska Institute, 1977. 28 P</subfield></datafield><datafield ind1=" " ind2=" " tag="852"><subfield code="a">46841</subfield></datafield></record></collection>